%encoding=utf-8}

@techreport{Huckert:VL1_2,
	author = {Prof. Dr. Klaus Huckert},
	institution = {DHBW Mannheim},
	title = {Datenbanken I, Vorlesung 1+2 WS},
	year = {2020}
}

@misc{techopedia:Operationale_Datenbank,
	title = {{What is an Operational Database (ODB)? - Definition from Techopedia}},
	journal = {Techopedia},
	year = {2021},
	month = {01},
	note = {[Online; accessed 31. Jan. 2021]},
	url = {https://www.techopedia.com/definition/5711/operational-database-odb}
}


@misc{Gabler_Wirtschaftslex:Datenbank,
	title = {Definition: Datenbank},
	journal = {Gabler Wirtschaftslexikon},
	year = {2021},
	month = {01},
	note = {[Online; accessed 31. Jan. 2021]},
	url = {https://wirtschaftslexikon.gabler.de/definition/datenbank-30025}
}

@article{ComputerWeekly:Datenbanksysteme,
	author = {Mullins, Craig S.},
	title = {{{\ifmmode\ddot{U}\else\"{U}\fi}berblick {\ifmmode\ddot{u}\else\"{u}\fi}ber die f{\ifmmode\ddot{u}\else\"{u}\fi}hrenden operationalen Datenbanksysteme}},
	journal = {ComputerWeekly.de},
	year = {2017},
	month = {11},
	note = {[Online; accessed 31. Jan. 2021]},
	publisher = {ComputerWeekly.com/de},
	url = {https://www.computerweekly.com/de/ratgeber/Ueberblick-ueber-die-fuehrenden-operationalen-Datenbanksysteme}
}

@misc{Oracle:rel_DB,
	title = {Was ist eine relationale Datenbank?},
	year = {2021},
	month = {01},
	note = {[Online; accessed 31. Jan. 2021]},
	url = {https://www.oracle.com/de/database/what-is-a-relational-database}
}

@misc{DatenbankenVerstehen:Relationales_Datenbankmodell,
	title = {Relationales Datenbankmodell im {\ifmmode\ddot{U}\else\"{U}\fi}berblick {$\vert$} Datenbankmodelle},
	journal = {Datenbanken - f{\ifmmode\ddot{u}\else\"{u}\fi}r Anf{\ifmmode\ddot{a}\else\"{a}\fi}nger und Profis},
	year = {2019},
	month = {12},
	note = {[Online; accessed 31. Jan. 2021]},
	url = {https://www.datenbanken-verstehen.de/datenbank-grundlagen/datenbankmodell/relationales-datenbankmodell}
}

@techreport{Huckert:VL4_5,
	author = {Prof. Dr. Klaus Huckert},
	institution = {DHBW Mannheim},
	title = {Datenbanken I, Vorlesung 4+5 WS},
	year = {2020}
}

@article{Bigdata-Insider:rel_DB,
	author = {Litzel, Nico},
	title = {{Was ist eine relationale Datenbank?}},
	journal = {BigData-Insider},
	year = {2019},
	month = {03},
	note = {[Online; accessed 31. Jan. 2021]},
	publisher = {BigData-Insider},
	url = {https://www.bigdata-insider.de/was-ist-eine-relationale-datenbank-a-643028}
}

@misc{Bigdata-Insider:DW,
	title = {{Data Warehouse - Was ist ein Data Warehouse? {$\vert$} Data Warehouse Grundlagen}},
	journal = {Datenbanken - f{\ifmmode\ddot{u}\else\"{u}\fi}r Anf{\ifmmode\ddot{a}\else\"{a}\fi}nger und Profis},
	year = {2019},
	month = {12},
	note = {[Online; accessed 31. Jan. 2021]},
	url = {https://www.datenbanken-verstehen.de/data-warehouse/data-warehouse-grundlagen/data-warehouse}
}

@misc{Talend:Data_Mart,
	title = {{Was ist ein Data Mart? (vs. ein Data Warehouse) {\textendash} Talend}},
	journal = {Talend Real-Time Open Source Data Integration Software},
	year = {2021},
	month = {01},
	note = {[Online; accessed 31. Jan. 2021]},
	url = {https://www.talend.com/de/resources/what-is-data-mart}
}

@misc{Astera:Kimmball_Inmon,
	title = {{Data Warehouse-Konzepte: Kimball vs. Inmon-Ansatz {$\vert$} Astera}},
	journal = {Astera},
	year = {2021},
	month = {01},
	note = {[Online; accessed 6. Feb. 2021]},
	url = {https://www.astera.com/de/type/blog/data-warehouse-concepts}
}

@article{ITEW:Patrik_02_21,
	date = {2021-02-05},
	author = {Patrik Keßler},
	title = {Persönliches Gespräch}
}

@article{HS-Karslruhe:DB_Entwurf,
	year = {2007},
	url = {http://www.home.hs-karlsruhe.de/~kuin0001/DB_IMB/IMB-K3-Erstellung.pdf},
	author = {Prof.Dr.Kühn},
	note = {[Online; accessed 6. Feb. 2021]}
}

@misc{DatenbankenVerstehen:logischer_Datenbankentwurf,
	title = {{Logischer Datenbankentwurf {$\vert$} Datenbankentwurf Grundlagen}},
	journal = {Datenbanken - f{\ifmmode\ddot{u}\else\"{u}\fi}r Anf{\ifmmode\ddot{a}\else\"{a}\fi}nger und Profis},
	year = {2019},
	month = {12},
	note = {[Online; accessed 6. Feb. 2021]},
	url = {https://datenbanken-verstehen.de/datenbankentwicklung/datenbank-erstellen/logischer-datenbankentwurf}
}

@misc{DatenbankenVerstehen:konzeptioneller_Datenbankentwurf,
	title = {{Konzeptioneller Datenbankentwurf {$\vert$} Datenbankentwurf Grundlagen}},
	journal = {Datenbanken - f{\ifmmode\ddot{u}\else\"{u}\fi}r Anf{\ifmmode\ddot{a}\else\"{a}\fi}nger und Profis},
	year = {2019},
	month = {12},
	note = {[Online; accessed 6. Feb. 2021]},
	url = {https://www.datenbanken-verstehen.de/datenbankentwicklung/datenbank-erstellen/konzeptioneller-datenbankentwurf}
}

@misc{DatenbankenVerstehen:Physischer_Datenbankentwurf,
	title = {{Physischer Datenbankentwurf {$\vert$} Datenbankentwurf Grundlagen}},
	journal = {Datenbanken - f{\ifmmode\ddot{u}\else\"{u}\fi}r Anf{\ifmmode\ddot{a}\else\"{a}\fi}nger und Profis},
	year = {2019},
	month = {12},
	note = {[Online; accessed 6. Feb. 2021]},
	url = {https://www.datenbanken-verstehen.de/datenbankentwicklung/datenbank-erstellen/physischer-datenbankentwurf}
}

@techreport{Huckert:VL3,
	author = {Prof. Dr. Klaus Huckert},
	institution = {DHBW Mannheim},
	title = {Datenbanken I, Vorlesung 3 WS},
	year = {2020}
}

@misc{Knott:Normalformen,
	author = {Knott, Simon},
	title = {{Normalformen}},
	journal = {Simonknott},
	year = {2018},
	month = {04},
	note = {[Online; accessed 6. Feb. 2021]},
	url = {https://simonknott.de/articles/Normalformen.html}
}

@misc{Wikipedia:Primärschlüssel,
	author = {{Autoren der Wikimedia-Projekte}},
	title = {{Schl{\ifmmode\ddot{u}\else\"{u}\fi}ssel (Datenbank) {\textendash} Wikipedia}},
	year = {2005},
	month = {08},
	note = {[Online; accessed 6. Feb. 2021]},
	url = {https://de.wikipedia.org/w/index.php?title=Schl%C3%BCssel_(Datenbank)&oldid=193044800}
}

@misc{Wikipedia:Repository,
	author = {{Autoren der Wikimedia-Projekte}},
	title = {{Repository {\textendash} Wikipedia}},
	year = {2004},
	month = {11},
	note = {[Online; accessed 6. Feb. 2021]},
	url = {https://de.wikipedia.org/w/index.php?title=Repository&oldid=206185664}
}

@misc{Wikipedia:Data_Lake,
	author = {{Autoren der Wikimedia-Projekte}},
	title = {{Data-Lake {\textendash} Wikipedia}},
	year = {2020},
	month = {02},
	note = {[Online; accessed 6. Feb. 2021]},
	url = {https://de.wikipedia.org/w/index.php?title=Data-Lake&oldid=207672700}
}

@misc{Wikipedia:Rohdatenformat,
	author = {{Autoren der Wikimedia-Projekte}},
	title = {{Rohdatenformat {\textendash} Wikipedia}},
	year = {2004},
	month = {08},
	note = {[Online; accessed 6. Feb. 2021]},
	url = {https://de.wikipedia.org/w/index.php?title=Rohdatenformat&oldid=207980674}
}

@article{BigData-Insider:Data_Lake,
	author = {Litzel, Nico},
	title = {{Was ist ein Data Lake?}},
	journal = {BigData-Insider},
	year = {2019},	
	month = {03},
	publisher = {BigData-Insider},
	url = {https://www.bigdata-insider.de/was-ist-ein-data-lake-a-686778}
}

@misc{ITEW:Patrik_02.05,
	author = {Patrik Keßler},
	date = {2021-02-05},
	title ={Persönliches Gespräch},
	note = {Mitarbeiter DZ BANK AG}
}

@misc{ITEW:Alex_02-08,
	author = {Olexander Bober},
	date = {2021-02-08},
	title = {Persönliches Gespräch},
	note = {Mitarbeiter DZ BANK AG}

}

@misc{ITEW:Thomas_02-08,
	author = {Thomas Kerber},
	date = {2021-02-10},
	title = {Persönliches Gespräch},
	note = {Mitarbeiter DZ BANK AG}
}

@misc{AWS:Data_Lake,
	title = {{What is a data lake?}},
	journal = {Amazon Web Services, Inc},
	year = {2020},
	month = {12},
	note = {[Online; accessed 11. Feb. 2021]},
	url = {https://aws.amazon.com/de/big-data/datalakes-and-analytics/what-is-a-data-lake}
}

@misc{AT:Data_Lake,
	title = {{Der Data Lake und was er bedeutet {$\vert$} [at] Blog}},
	journal = {Alexander Thamm GmbH},
	year = {2020},
	month = {11},
	note = {[Online; accessed 11. Feb. 2021]},
	url = {https://www.alexanderthamm.com/de/blog/grundlagen-anwendungsfaelle-data-lake}
}

@misc{DigitalWiki:Datensilo,
	title = {{Datensilo - Definition}},
	journal = {DigitalWiki},
	year = {2020},
	month = {03},
	note = {[Online; accessed 11. Feb. 2021]},
	url = {http://www.digitalwiki.de/datensilo}
}

@misc{TDAM:DW_Design,
	title = {{TDAN.com}},
	journal = {TDAN},
	year = {1997},
	publisher = {DATAVERSITY Education LLC},
	note = {[Online; accessed 11. Feb. 2021]},
	url = {https://tdan.com/data-warehouse-design-inmon-versus-kimball/20300}
}

@misc{Wikipedia:Inmon,
	author = {{Autoren der Wikimedia-Projekte}},
	title = {{Bill Inmon {\textendash} Wikipedia}},
	year = {2005},
	month = {08},
	note = {[Online; accessed 11. Feb. 2021]},
	url = {https://de.wikipedia.org/w/index.php?title=Bill_Inmon&oldid=170691720}
}

@misc{TDAN:EDM,
	title = {{TDAN.com}},
	journal = {TDAN},
	year = {1997},
	publisher = {DATAVERSITY Education LLC},
	note = {[Online; accessed 11. Feb. 2021]},
	url = {https://tdan.com/the-enterprise-data-model/5205}
}

@misc{Wikipedia:SQL,
	author = {{Autoren der Wikimedia-Projekte}},
	title = {{SQL {\textendash} Wikipedia}},
	year = {2002},
	month = {07},
	note = {[Online; accessed 15. Feb. 2021]},
	url = {https://de.wikipedia.org/w/index.php?title=SQL&oldid=207775019}
}

@misc{Hempel:SQL,
	author = {Hempel, Tino},
	title = {{SQL-Befehl SELECT}},
	year = {2008},
	month = {08},
	note = {[Online; accessed 15. Feb. 2021]},
	url = {https://tinohempel.de/info/info/datenbank/sql.htm}
}

@misc{SQLORA:Data_Historization,
	title = {{How to simplify the data historization? - SQLORA}},
	journal = {SQLORA},
	year = {2018},
	month = {04},
	note = {[Online; accessed 15. Feb. 2021]},
	url = {https://blog.sqlora.com/en/how-to-simplify-the-data-historization}
}

@misc{Wikipedia:Informatica,
	author = {{Autoren der Wikimedia-Projekte}},
	title = {{Informatica {\textendash} Wikipedia}},
	year = {2009},
	month = {05},
	note = {[Online; accessed 15. Feb. 2021]},
	url = {https://de.wikipedia.org/w/index.php?title=Informatica&oldid=208145314}
}

@misc{Wikipedia:Wrapper,
	author = {{Autoren der Wikimedia-Projekte}},
	title = {{Wrapper (Software) {\textendash} Wikipedia}},
	year = {2008},
	month = {04},
	note = {[Online; accessed 15. Feb. 2021]},
	url = {https://de.wikipedia.org/w/index.php?title=Wrapper_(Software)&oldid=198260948}
}

@unpublished{ITEW:DataWarehouse,
	author = {Prof. Dr. E. Rahm},
	title = {1. Data Warehouses - Einführung},
	note = {Lehrunterlagen innerhalb von DZ BANK AG}
}

@techreport{Möller:STS,
	author = {Prof. Dr. Ralf Möller},
	title = {Einführung in Datenbanksysteme},
	institution ={Technische Universität Hamburg-Harburg Institut für Softwaresysteme (STS)},
	year = {2013}
}

@misc{Wikipedia:Data_Vault,
	author = {{Autoren der Wikimedia-Projekte}},
	title = {{Data Vault {\textendash} Wikipedia}},
	year = {2015},
	month = {02},
	note = {[Online; accessed 17. Feb. 2021]},
	url = {https://de.wikipedia.org/w/index.php?title=Data_Vault&oldid=204974595}
}

@misc{DL:Data_Vault,
	title = {{Data Vault Data Modeling Standards v2.0.1 {$\vert$} Accelerated Business Intelligence}},
	year = {2018},
	month = {06},
	note = {[Online; accessed 17. Feb. 2021]},
	url = {https://danlinstedt.com/allposts/datavaultcat/data-vault-data-modeling-standards-v2-0-1}
}

@misc{DDA:Data_Vault,
	title = {{Data Vault Data Modeling Standards v2.0.1 {$\vert$} Accelerated Business Intelligence}},
	year = {2017},
	month = {08},
	note = {[Online; accessed 17. Feb. 2021]},
	url = {https://danlinstedt.com/allposts/datavaultcat/data-vault-data-modeling-standards-v2-0-1}
}

@misc{Wikipedia:Datenbankindex,
	author = {{Autoren der Wikimedia-Projekte}},
	title = {{Datenbankindex {\textendash} Wikipedia}},
	year = {2003},
	month = {11},
	note = {[Online; accessed 17. Feb. 2021]},
	url = {https://de.wikipedia.org/w/index.php?title=Datenbankindex&oldid=195773212}
}

@misc{DeepL,
	title = {{DeepL {\ifmmode\ddot{U}\else\"{U}\fi}bersetzer - DeepL Translate}},
	note = {[Online übersetzt]},
	url = {https://www.deepl.com/translator}
}

@misc{DL:Data_Vault_Basics,
	title = {{Data Vault Basics {$\vert$} Accelerated Business Intelligence}},
	year = {2015},
	month = {12},
	note = {[Online; accessed 17. Feb. 2021]},
	url = {https://danlinstedt.com/solutions-2/data-vault-basics}
}

@misc{taod:Data_Vault,
	title = {{Vorteile eines Data Vault in der Praxis - Data Warehouse}},
	journal = {Art of Data},
	year = {2021},
	month = {01},
	note = {[Online; accessed 17. Feb. 2021]},
	url = {https://www.taod.de/insights/data-vault}
}

@article{tecchanel:snowflake,
	author = {Manhart, Klaus},
	title = {{Business Intelligence (Teil 3): Datenmodellierung {\textendash} Relationale und Multidimensionale Modelle}},
	journal = {TecChannel Workshop},
	year = {2008},
	month = {02},
	publisher = {TecChannel Workshop},
	url = {https://www.tecchannel.de/a/business-intelligence-teil-3-datenmodellierung-relationale-und-multidimensionale-modelle,1744994,11}
}

@misc{Wikipedia:Snowflake,
	author = {{Autoren der Wikimedia-Projekte}},
	title = {{Snowflake schema - Schneeflockenschema {\textendash} Wikipedia}},
	year = {2004},
	month = {05},
	note = {[Online; accessed 17. Feb. 2021]},
	url = {https://de.wikipedia.org/w/index.php?title=Schneeflockenschema&oldid=195821330}
}

@misc{Intern,
	title = {Interne Quelle},
	author = {DZ BANG AG},
	note ={Entstanden im Zeitraum von Jan '21 bis März '21}
}

@misc{CW:analytische_Datenbank,
    url = {https://www.computerweekly.com/de/definition/Analytische-Datenbank},
    note = {[Online; accessed 02. Mar. 2021]}
}

@misc{BigData:BI,
    url = {https://www.bigdata-insider.de/was-ist-business-intelligence-bi-a-563185/},
    note = {[Online;accessed 02. Mar.2021]}
}